@misc{skript,
  author = "Dirk Engel",
  title = "Kursunterlagen f√ºr das Praktikum zur Stochastik",
  }

@misc{wikipediaChi2,
  author    = "Wikipedia",
  title     = "Chi-squared Test",
  howpublished = "\url{https://de.wikipedia.org/wiki/Chi-Quadrat-Test}",
}

@misc{ChatGPT,
  author    = "OpenAI ChatGPT",
  howpublished = "\url{https://chat.openai.com/}",
}

@misc{GithubCopilot,
  author    = "Github Copilot",
  howpublished = "\url{https://copilot.github.com/}",
}

@misc{wikipediaT,
  author    = "Wikipedia",
  title     = "Einstichproben-t-Test",
  howpublished = "\url{https://de.wikipedia.org/wiki/Einstichproben-t-Test}",
}